%A

@book{Hopf,
  title={An introduction to dynamical systems},
  author={Arrowsmith, D. K., and Place, C. M., and Place, C. H.},
  year={1990},
  publisher={Cambridge university press}
}

@article{atri,
author = {Atri, A., and Amundson, J., and Clapham, D., and Sneyd, J.},
year = {1993},
title = {A Single-Pool Model for Intracellular Calcium Oscillations and Waves in the {X}enopus {L}aevis Oocyte},
journal = {Biophysical Journal},
number = {4},
pages = {1727--1739},
volume = {65}
}

%B

@article{bakeretal,
author = {Baker, H. L., and Errington, R. J., and Davies, S. C., and Campbell, A. K.},
journal = {Biophysical Journal},
number = {2},
pages = {582--590},
title = {A mathematical model predicts that calreticulin interacts with the endoplasmic reticulum {C}a2+-{ATP}ase},
volume = {82},
year = {2002}
}

@article{bramble1970,
  title={Rayleigh-Ritz-Galerkin methods for dirichlet's problem using subspaces without boundary conditions},
  author={Bramble, J. H., and Schatz, A. H.},
  journal={Communications on Pure and Applied Mathematics},
  volume={23},
  number={4},
  pages={653--675},
  year={1970},
  publisher={Wiley Online Library}
}

@article{berridgegalione1988,
title={Cytosolic calcium oscillators},
author={Berridge, M. J., and Galione, A.},
journal={The FASEB Journal},
volume={2},
number={15},
pages={3074--3082},
year={1988}
}

@book{berridge1989,
title={Cell to cell signalling: from experiments to theoretical models},
author={Berridge, M. J.},
editor={Goldbeter, A.},
year={1989},
publisher={Academic Press, New York}
}

@article{berridge1994,
  title={Spatial and temporal signalling by calcium},
  author={Berridge, M. J., and Dupont, G.},
  journal={Current opinion in cell biology},
  volume={6},
  number={2},
  pages={267--274},
  year={1994},
  publisher={Elsevier}
}

@article{berridge1995,
title={Capacitative calcium entry},
author={Berridge, M. J.},
journal={Biochemical Journal},
volume={312},
number={Pt 1},
pages={1},
year={1995}
}

@article{Berridge1998,
author = {Berridge, M. J., and Bootman, M. D., and Lipp, P.},
journal = {Nature},
number = {October},
pages = {645--648},
title = {Calcium - a life and death signal},
volume = {395},
year = {1998}
}

@article{Berridge2000,
author = {Berridge, M. J., and Lipp, P., and Bootman, M. D.},
journal = {Nature Reviews},
number = {1},
pages = {11--21},
title = {The Versatility and Universality of Calcium Signalling},
volume = {1},
year = {2000}
}

@article{Berridge,
author = {Berridge, M. J., and Bootman, M. D., and Roderick, H. L.},
journal = {Nature Reviews Molecular Cell Biology},
number = {7},
pages = {517--529},
title = {Calcium signalling: Dynamics, homeostasis and remodelling},
volume = {4},
year = {2003}
}

@article{Berridge2009,
author = {Berridge, M. J.},
journal = {Nature},
number = {6410},
pages = {315--325},
title = {Inositol Trisphosphate and Calcium Signalling},
volume = {361},
year = {1993}
}

@article{Bezprovannywatras,
author = {Bezprozvanny, I., and Watras, J., and Ehrlich, B. E. },
number = {June 1991},
pages = {751--754},
title = {Bell-shaped calcium-response curves of {I}ns(1,4,5){P}3- and calcium-gated channels from endoplasmic reticulum of cerebellum},
volume = {351},
journal={Nature},
year = {1991}
}

@article{Bezprozvannyehrlich,
author = {Bezprozvanny, I., and Ehrlich, B. E.},
journal = {The Journal of Membrane Biology},
number = {3},
pages = {205--216},
title = {The inositol 1,4,5-trisphosphate (InsP3) receptor},
volume = {145},
year = {1995}
}

@article{busa,
  title={An elevated free cytosolic {C}a2+ wave follows fertilization in eggs of the frog, {X}enopus laevis.},
  author={Busa, W. B., and Nuccitelli, R.},
  journal={The Journal of cell biology},
  volume={100},
  number={4},
  pages={1325--1329},
  year={1985}
}

%C

@article{callamaras2000,
  title={Phasic characteristic of elementary {C}a2+ release sites underlies quantal responses to {IP}3},
  author={Callamaras, N., and Parker, I.},
  journal={The EMBO Journal},
  volume={19},
  number={14},
  pages={3608--3617},
  year={2000},
  publisher={John Wiley \& Sons, Ltd}
}

@article{carmelloetal,
title={Calcium dependence of calcium extrusion and calcium uptake in mouse pancreatic acinar cells},
author={Camello, P., and Gardner, J., and Petersen, O. H., and Tepikin, A. V.},
journal={The Journal of Physiology},
volume={490},
number={3},
pages={585--593},
year={1996}
}

@article{cellcalcium,
title = {Calcium signaling at the endoplasmic reticulum: fine-tuning stress responses},
journal = {Cell Calcium},
volume = {70},
pages = {24-31},
year = {2018},
author = {Carreras-Sureda, A., and Pih\'an, P., and Hetz, C.},
}

@article{carroll,
  title={Spatiotemporal dynamics of intracellular [Ca2+] i oscillations during the growth and meiotic maturation of mouse oocytes},
  author={Carroll, John and Swann, Karl and Whittingham, David and Whitaker, Michael},
  journal={Development},
  volume={120},
  number={12},
  pages={3507--3517},
  year={1994},
  publisher={Company of Biologists The Company of Biologists, Bidder Building, 140 Cowley~â€¦}
}

@article{carterodgen,
author = {Carter, T. D., and Ogden, D.},
journal = {Journal of Physiology},
number = {1},
pages = {17--33},
title = {Kinetics of {C}a2+ release by InsP3, in pig single aortic endothelial cells: Evidence for an inhibitory role of cytosolic {C}a2+ in regulating hormonally evoked {C}a2+ spikes},
volume = {504},
year = {1997}
}

@article{combettes1994calcium,
title={Calcium and Inositol 1, 4, 5-Trisphosphate-Induced {C}a2+ Release},
author={Combettes, L., and Champeil, P., and Finch, E. A., and Goldin, S. M.},
journal={Science},
volume={265},
number={5173},
pages={813--815},
year={1994}
}

%D

@article{deyoungkeizer,
author = {De Young, G. W., and Keizer, J.},
number = {20},
journal={Proceedings of the National Academy of Sciences},
pages = {9895--9899},
title = {A single-pool inositol 1, 4, 5-trisphosphate-receptor based model for agonist-stimulated oscillations in ca2+ concentration.},
volume = {89},
year = {1992}
}

@article{Domijan2006,
author = {Domijan, M., and Murray, R., and Sneyd, J.},
journal = {Journal of Nonlinear Science},
number = {5},
pages = {483--506},
title = {Dynamical probing of the mechanisms underlying calcium oscillations},
volume = {16},
year = {2006}
}

@article{dufour,
author = {Dufour, J.-F., and Arias, I. M., and Turner, T. J.},
journal = {Journal of Biological Chemistry},
number = {5},
pages = {2675--2681},
title = {Inositol 1,4,5-trisphosphate and calcium regulate the calcium channel function of the hepatic inositol 1,4,5-trisphosphate receptor},
volume = {272},
year = {1997}
}

@article{dupontetal1991,
title={Signal-induced {C}a2+ oscillations: properties of a model based on {C}a2+-induced {C}a2+ release},
author={Dupont, G., and Berridge, M. J., and Goldbeter, A.},
journal={Cell calcium},
volume={12},
number={2-3},
pages={73--85},
year={1991}
}

@article{dupontgoldbeter1993,
author = {Dupont, G., and Goldbeter, A.},
title = {One-pool model for {C}a2+ oscillations involving {C}a2+ and inositol 1,4,5-triphosphate as co-agonists for {C}a2+ release},
year={1993},
journal={Cell Calcium},
pages={311--322},
number={4},
volume={14}
}

@article{dupont1998,
  title={Theoretical insights into the mechanism of spiral {C}a2+ wave initiation in {X}enopus oocytes},
  author={Dupont, G.},
  journal={American Journal of Physiology-Cell Physiology},
  volume={275},
  number={1},
  pages={C317--C322},
  year={1998},
  publisher={American Physiological Society Bethesda, MD}
}

@book{dupont,
author = {Dupont, G., and Falcke, M., and Kirk, V., and Sneyd, J.},
title = {Models of Calcium Signalling},
volume = {43},
year = {2016}
}

%E

@article{Estrada2016,
author = {Estrada, J., and Andrew, N., and Gibson, D., and Chang, F., and Gnad, F., and Gunawardena, J.},
pages = {1--29},
volume={12},
numer={7},
title = {Cellular Interrogation : Exploiting Cell-to-Cell Variability to Discriminate Regulatory Mechanisms in Oscillatory Signalling},
year = {2016}
}

%F

@article{falke2003,
title={On the role of stochastic channel behavior in intracellular {C}a2+ dynamics},
author={Falcke, M.},
journal={Biophysical journal},
volume={84},
number={1},
pages={42--56},
year={2003}
}

@article{FillandCopello2000,
author = {Fill, M., and Copello, J. A.},
journal = {Physiological Reviews},
pages = {893--922},
title = {Ryanodine receptor calcium release channels},
volume = {82},
year = {2002}
}

@article{finchetal,
author = {Finch, E. A., and Turner, T. J., and Goldin, S. M.},
year = {1991},
title = {Calcium as a Coagonist of Inositol 1,4,5-Trisphosphate-Induced Calcium Release},
journal={Science},
number={5004},
pages={443-446},
volume={252}
}

@article{finketal,
title={Morphological control of inositol-1, 4, 5-trisphosphate--dependent signals},
author={Fink, C. C., and Slepchenko, B., and Moraru, I. I., and Schaff, J., and Watras, J., and Loew, L. M.},
journal={The Journal of cell biology},
volume={147},
number={5},
pages={929--936},
year={1999}
}

@article{fontanilla,
  title={Characterization of the sperm-induced calcium wave in {X}enopus eggs using confocal microscopy},
  author={Fontanilla, R. A., and Nuccitelli, R.},
  journal={Biophysical journal},
  volume={75},
  number={4},
  pages={2079--2087},
  year={1998},
  publisher={Elsevier}
}

@article{Foskett2007,
author = {Foskett, J. K., and White, C., and Cheung, K. h., and Mak, D.-O. D.},
journal = {Physiological Reviews},
number = {2},
pages = {593--658},
title = {Inositol trisphosphate receptor {C}a2+ release channels},
volume = {87},
year = {2007}
}

%G

%H

@article{hagar1998,
author={Hagar, R. E., and Burgstahler, A. D., and Nathanson, M. H., and Ehrlich, B. E.},
title={Type III {I}ns{P}3 receptor channel stays open in the presence of increased calcium},
journal={Nature},
volume={396},
pages={81--84},
year={1998}
}

@article{hodgkinhuxley,
author = {Hodgkin, A. L., and Huxley, A. F.},
number={4},
volume={117},
pages = {500--544},
title = {A quantitative description of membrane current and
its application to conduction and excitation in nerve. },
journal= {The Journal of physiology},
year = {1952}
}

@article{hofer1999,
title={Model of intercellular calcium oscillations in hepatocytes: synchronization of heterogeneous cells},
author={H{\"o}fer, T.},
journal={Biophysical journal},
volume={77},
number={3},
pages={1244--1256},
year={1999}
}

@article{hofer,
author = {Politi, A., and Gaspers, L. D., and Thomas, A. P., and H$\ddot{o}$fer, T.},
journal = {Biophysical Journal},
number = {9},
pages = {3120--3133},
title = {Models of {IP}3 and {C}a2+ oscillations: Frequency encoding and identification of underlying feedbacks},
volume = {90},
year = {2006}
}

%I

@article{Iino,
author = {Masamitsu, I.},
journal = {Journal of general physiology},
number = {6},
pages = {1103--1122},
title = {Biphasic {C}a2+ Dependence of Inositol 1,4,5-Trisphosphate-induced Ca Release in Smooth Muscle Cells of the Guinea Pig Taenia Caeci},
volume = {95},
year = {1990}
}
@article{Iinotsukioka,
author = {Iino, M., and Tsukioka, M.},
journal = {Molecular and Cellular Endocrinology},
number = {2},
pages = {141--146},
title = {Feedback control of inositol trisphosphate signalling by calcium},
volume = {98},
year = {1994}
}

%J

@article{josephs,
author = {Joseph, S. K.},
number = {1},
pages = {1--7},
title = {{The Inositol Triphosphate Receptor Family}},
volume = {8},
journal={Cellular signalling},
year = {1996}
}

@article{Jouavilleetal1995,
author = {Jouaville, L. S., and Ichas, F., and Holmuhamedov, E. L., and Camacho, P., and Lechleiter, J. D.},
journal = {Nature},
number = {6548},
pages = {438--441},
title = {Synchronization of calcium waves by mitochondrial substrates in {X}enopus {L}aevis oocytes},
volume = {377},
year = {1995}
}

%K

@article{kaftan1997,
title={{I}nositol 1, 4, 5-trisphosphate ({I}ns{P}3) and calcium interact to increase the dynamic range of {I}ns{P}3 receptor-dependent calcium signaling},
author={Kaftan, E. J., and Ehrlich, B. E., and Watras, J.},
journal={The Journal of general physiology},
volume={110},
number={5},
pages={529--538},
year={1997}
}

@article{kaouri,
author = {Kaouri, K., and Maini, P. K., and Skourides, P. A., and Christodoulou, N., and Chapman, S. J.},
journal = {Journal of Mathematical Biology},
number = {7},
pages = {2059--2092},
title = {Mathematical Biology A simple mechanochemical model for calcium signalling in embryonic epithelial cells},
volume = {78},
year = {2019}
}

@misc{karl,
author = {Swann, K.},
year = {2021},
howpublished ={Personal Communication}
}

@article{Kartik,
author = {Katrik, V., and Van Rossum, D. B., and Patterson, R. L., and Ma, H. T., and Gill, D. L.},
journal = {Nature Cell Biology},
number = {11},
pages = {36--38},
title = {The cellular and molecular basis of store-operated calcium entry},
volume = {4},
year = {2002}
}

@article{keizer1992b,
title={Two roles of {C}a2+ in agonist stimulated {C}a2+ oscillations},
author={Keizer, J., and De Young, G. W.},
journal={Biophysical journal},
volume={61},
number={3},
pages={649--660},
year={1992}
}

@article{keizer1993b,
title={Effect of voltage-gated plasma membrane {C}a2+ fluxes on {IP}3-linked {C}a2+ oscillations},
author={Keizer, J., and De Young, G.},
journal={Cell Calcium},
volume={14},
number={5},
pages={397--410},
year={1993}
}

@article{kline,
title = {Thapsigargin activates a calcium influx pathway in the unfertilized mouse egg and suppresses repetitive calcium transients in the fertilized egg.},
journal = {Journal of Biological Chemistry},
volume = {267},
number = {25},
pages = {17624-17630},
year = {1992},
author = {D. Kline and J.T. Kline}
}
%L

@article{Lechleiter1991,
author = {Lechleiter, J., and Girard, S., and Peralta, E., and Clapham, D.},
journal = {Science},
number = {5002},
pages = {123--126},
title = {Spiral calcium wave propagation and annihilation in {X}enopus {L}aevis oocytes},
volume = {252},
year = {1991}
}

@article{lechleiterclapham,
author={Lechleiter, J. D., and Clapham, D. E.},
title = {Molecular Mechanisms of Intracellular Excitability in {X}enopus {L}aevis Oocytes},
journal={Cell},
number={2},
volume = {69},
pages={283--294},
year = {1992}
}

@book{Lee2006,
author={Ali, H., and Haribabu, B.},
pages = {233--244},
title = {Transmembrane Signaling Protocols},
volume = {332},
year = {2006}
}

@article{lirinzel,
author = {Li, Y.-X., and Rinzel, J.},
year = {1994},
title = {Equations for {I}ns{P}3 receptor-mediated [{C}a2+](i) oscillations derived from a detailed kinetic model: A {H}odgkin-{H}uxley like formalism},
journal = {Journal of theoretical Biology},
number = {4},
pages = {461--473},
volume = {166}
}

@article{lyttonetal,
title={Functional comparisons between isoforms of the sarcoplasmic or endoplasmic reticulum family of calcium pumps},
author={Lytton, J., and Westlin, M., and Burk, S. E., and Shull, G. E., and MacLennan, D. H.},
journal={Journal of Biological Chemistry},
volume={267},
number={20},
pages={14483--14489},
year={1992}
}

%M

@article{Mak1998,
author = {Mak, D.-O. D., and McBride, S., and Foskett, J. K.},
journal = {Proceedings of the National Academy of Sciences},
number = {26},
pages = {15821--15825},
title = {Inositol 1,4,5-tris-phosphate activation of inositol tris-phosphate receptor {C}a2+ channel by ligand tuning of {C}a2+ inhibition},
volume = {95},
year = {1998}
}


@article{Mak2015,
author={Mak, D.-O. D., and Foskett, J. K.},
journal = {Cell Calcium},
number = {1},
pages = {67--78},
title = {Inositol 1,4,5-trisphosphate receptors in the endoplasmic reticulum: A single-channel point of view},
volume = {58},
year = {2015}
}

@article{marchantandtaylor1998,
title={Rapid activation and partial inactivation of inositol trisphosphate receptors by inositol trisphosphate},
author={Marchant, J. S., and Taylor, C. W.},
journal={Biochemistry},
volume={37},
number={33},
pages={11524--11533},
year={1998}
}

@article{marchant1999,
  title={Initiation of {IP}3-mediated {C}a2+ waves in {X}enopus oocytes},
  author={Marchant, J. S., and Callamaras, N., and Parker, I.},
  journal={The EMBO journal},
  volume={18},
  number={19},
  pages={5285--5299},
  year={1999},
  publisher={John Wiley \& Sons, Ltd}
}

@book{MATLAB2020,
year = {2020},
title = {MATLAB r2020a},
author = {MathWorks},
publisher = {The MathWorks Inc.},
address = {Natick, Massachusetts}
}

@article{marks1997,
  title={Intracellular calcium-release channels: regulators of cell life and death},
  author={Marks, A. R.},
  journal={American Journal of Physiology-Heart and Circulatory Physiology},
  volume={272},
  number={2},
  pages={H597--H605},
  year={1997},
  publisher={American Physiological Society Bethesda, MD}
}

@article{mauger,
author={Mauger, J.-P., and Li{\`e}vremont, J.-P., and Pi{\'e}tri-Rouxel, F., and Hilly, M., and Coquil, J.-F.},
pages = {133--139},
title = {The inositol 1,4,5-triphosphate receptor: kinetic properties and regulation},
journal={Molecular and cellular endocrinology},
number={2},
volume = {98},
year = {1994}
}

@article{Matsu-ura2019,
author={Toru, M. U., and Hideki, S., and Kenichi GN, S., and Akitoshi, M., and Kotomi, S., and Takayuki, M., and Akihiro, K., and Katsuhiko, M.},
journal = {Scientific Reports},
number = {1},
pages = {4829},
title = {Dual-FRET imaging of {IP}3 and {C}a2+ revealed {C}a2+-induced IP3 production maintains long lasting Ca 2+ oscillations in fertilized mouse eggs},
volume = {9},
year = {2019}
}

@article{meyer,
author={Meyer, T., and Holowka, D., and Stryer, L.},
journal = {Science},
number = {4852},
pages = {653--656},
title = {Highly cooperative opening of calcium channels by inositol 1,4,5-trisphosphate},
volume = {240},
year = {1988}
}

@article{ouabain2,
author = {Miyakawa-Naito, A., and Uhl{\'{e}}n, P., and Lal, M., and Aizman, O., and Mikoshiba, K., and Brismar, H., and Zelenin, S., and Aperia, A.},
journal = {Journal of Biological Chemistry},
number = {50},
pages = {50355--50361},
title = {Cell Signaling Microdomain with {N}a,{K}-{ATP}ase and Inositol 1,4,5-Trisphosphate Receptor Generates Calcium Oscillations},
volume = {278},
year = {2003}
}

@article{moraru1999,
title={Regulation of type 1 inositol 1, 4, 5-trisphosphate--gated calcium channels by {I}ns{P}3 and calcium: simulation of single channel kinetics based on ligand binding and electrophysiological analysis},
author={Moraru, I. I., and Kaftan, E. J., and Ehrlich, B. E., and Watras, J.},
journal={The Journal of general physiology},
volume={113},
number={6},
pages={837--849},
year={1999}
}

@article{Mouillac1990,
author = {Mouillac, B., and Balestre, M.-N., and Guillon, G.},
number = {5},
journal={Cellular Signalling},
pages = {497--507},
title = {Positive feedback regulation of phospholipase c by vasopressin-induced calcium mobilization in {wrk}1 cells},
volume = {2},
year = {1990}
}

@misc{murray1989,
  title={Mathematical biology, vol. 19 of Biomathematics},
  author={Murray, James D},
  year={1989},
  publisher={Springer, Berlin, Germany}
}

%N

@article{Nomikos2014,
author = {Nomikos, M., and Theodoridou, M., and Elgmati, K., and Parthimos, D., and Calver, B. L., and Buntwal, L., and Nounesis, G., and Swann, K., and Lai, F. A.},
number = {6},
pages = {489--498},
title = {Human {PLC} z exhibits superior fertilization potency over mouse {PLC} z in triggering the {C}a 2 1 oscillations required for mammalian oocyte activation},
volume = {20},
year = {2014}
}

@article{nuccitelli,
  title={The sperm-induced {C}a2+ wave following fertilization of the {X}enopus egg requires the production of Ins (1, 4, 5) P3},
  author={Nuccitelli, R., and Yim, D. L., and Smart, T.},
  journal={Developmental biology},
  volume={158},
  number={1},
  pages={200--212},
  year={1993},
  publisher={Elsevier}
}

%O

@article{oneill2002,
title={Regulation of the type III {I}ns{P}3 receptor by {I}ns{P}3 and calcium},
author={O'Neill, A. F., and Hagar, R. E., and Zipfel, W. R., and Nathanson, M. H., and Ehrlich, B. E.},
journal={Biochemical and biophysical research communications},
volume={294},
number={3},
pages={719--725},
year={2002}
}

@article{ouabain,
author = {Aizman, O., and Uhl{\'{e}}n, P., and Lal, M., and Brismar, H., and Aperia, A.},
journal = {Proceedings of the National Academy of Sciences},
number = {23},
pages = {13420--13424},
title = {Ouabain, a steroid hormone that signals with slow calcium oscillations},
volume = {98},
year = {2001}
}

%P

@article{parekh,
  title={Store depletion and calcium influx},
  author={Parekh, A. B., and Penner, R.},
  journal={Physiological reviews},
  volume={77},
  number={4},
  pages={901--930},
  year={1997},
  publisher={American Physiological Society Bethesda, MD}
}

@article{parekh2,
author={Parekh, A. B., and Putney Jr, J. W.},
journal = {Physiological Reviews},
number = {2},
pages = {757--810},
title = {Store-operated calcium channels},
volume = {85},
year = {2005}
}

@article{parkerivorra,
author = {Parker, I., and Ivorra, I.},
number = {1},
pages = {260--264},
title = {Inhibition by {C}a2 + of inositol trisphosphate-mediated {C}a2+ liberation : A possible mechanism for oscillatory release of Ca2 +},
journal={Proceedings of the National Academy of Sciences},
volume = {87},
year = {1990}
}

@article{parkeryao,
author = {Parker, I., and Yao, Y.},
pages = {269--274},
title = {Regenerative release of calcium from functionally discrete subcellular stores by inositol trisphosphate},
journal={Proceedings of the Royal Society of London.
Series B: Biological Sciences},
number={1317},
volume={246},
year = {1991}
}

@article{parysetal,
author = {Parys, J. B., and Sernett, S. W., and DeLisle, S., and Snyder, P. M., and Welsh, M. J., and Campbell, K. P.},
title = {Isolation, characterization, and localization of the inositol 1, 4, 5-trisphosphate receptor protein in {X}enopus {L}aevis oocytes.},
journal ={Journal of Biological Chemistry},
pages={18776--18782},
volume={267},
number={26},
year = {1992}
}

@article{parys1995,
  title={The inositol trisphosphate receptor of {X}enopus oocytes},
  author={Parys, J. B., and Bezprozvanny, I.},
  journal={Cell calcium},
  volume={18},
  number={5},
  pages={353--363},
  year={1995},
  publisher={Elsevier}
}

@article{Pateletal1999,
author = {Patel, S., and Joseph, S. K., and Thomas, A. P.},
journal = {Cell Calcium},
number = {3},
pages = {247--264},
title = {Molecular properties of inositol 1,4,5-trisphosphate receptors},
volume = {25},
year = {1999}
}

@article{patterson,
author={Patterson, R. L., and Boehning, D., and Snyder, S. H.},
journal = {Annual Review of Biochemistry},
pages = {437--465},
title = {Inositol 1,4,5-trisphosphate receptors as signal integrators},
volume = {73},
year = {2004}
}

@article{perezsanderson,
  title={ The contraction of smooth muscle cells of intrapulmonary
arterioles is determined by the frequency of {C}a2+ oscillations induced by 5-{HT} and {KC}l.},
  author={Perez, J. F., and Sanderson, M. J.},
  journal={journal of general physiology},
  volume={2},
  pages={555--567}
}

@article{putney,
author = {Putney, J. W., and Broad, L. M., and Braun, F. J., and Lievremont, J. P., and Bird, G. S. J.},
journal = {Journal of Cell Science},
number = {12},
pages = {2223--2229},
title = {Mechanisms of capacitative calcium entry},
volume = {114},
year = {2001}
}

%Q

%R

%S

@article{Sanders2018,
author={Sanders, J. R., and Ashley, B., and Moon, A., and Woolley, T. E., and Swann, K.},
journal = {Frontiers in Cell and Developmental Biology},
number = {APR},
pages = {1--14},
title = {{PLC}$\zeta$ induced {C}a2+ oscillations in mouse eggs involve a positive feedback cycle of {C}a2+ induced {I}ns{P}3 formation from cytoplasmic {PIP}2},
volume = {6},
year = {2018}
}

@article{shuai,
  title={Stochastic properties of {C}a2+ release of inositol 1, 4, 5-trisphosphate receptor clusters},
  author={Shuai, Jian-Wei and Jung, Peter},
  journal={Biophysical journal},
  volume={83},
  number={1},
  pages={87--97},
  year={2002},
  publisher={Elsevier}
}

@article{simsandallbritton,
title={Metabolism of inositol 1, 4, 5-trisphosphate and inositol 1, 3, 4, 5-tetrakisphosphate by the oocytes of {X}enopus {L}aevis},
author={Sims, C. E., and Allbritton, N. L.},
journal={Journal of Biological Chemistry},
volume={273},
number={7},
pages={4052--4058},
year={1998},
publisher={Elsevier}
}

@article{Smrcka,
title={Regulation of polyphosphoinositide-specific phospholipase {C} activity by purified {G}q},
author={Smrcka, A. V., and Hepler, J. R., and Brown, K. O., and Sternweis, P. C.},
journal={Science},
volume={251},
number={4995},
pages={804--807},
year={1991}
}

@article{sneyd,
author = {Sneyd, J., and Tsaneva-Atanasova, K., and Reznikov, V., and Bai, Y., and Sanderson, M., and Yule, D.},
journal = {Proceedings of the National Academy of Sciences},
number = {6},
pages = {1675--1680},
title = {A method for determining the dependence of calcium oscillations on inositol trisphosphate oscillations},
volume = {103},
year = {2006}
}

@article{sneyd2007,
title={Models of calcium dynamics},
author={Sneyd, J.},
journal={Scholarpedia},
volume={2},
number={3},
pages={1576},
year={2007}
}

@article{Stehno-Bittel1995,
author = {Stehno-Bittel, L., and L{\"{u}}ckhoff, A., and Clapham, D. E.},
journal = {Neuron},
number = {1},
pages = {163--167},
title = {Calcium Release from the Nucleus by {I}ns{P}3 Receptor Channels},
volume = {14},
year = {1995}
}

@article{sun1998,
  title={A continuum of {I}ns{P}3-mediated elementary {C}a2+ signalling events in {X}enopus oocytes},
  author={Sun, X.-P., and Callamaras, N., and Marchant, J. S., and Parker, I.},
  journal={The Journal of Physiology},
  volume={509},
  number={1},
  pages={67--80},
  year={1998},
  publisher={Wiley Online Library}
}

@article{swann2013,
  title={{PLC}$\zeta$ and the initiation of {C}a{2+} oscillations in fertilizing mammalian eggs},
  author={Swann, K., and Lai, F. A.},
  journal={Cell calcium},
  volume={53},
  number={1},
  pages={55--62},
  year={2013},
  publisher={Elsevier}
}


@article{swannlai,
  title={Egg activation at fertilization by a soluble sperm protein},
  author={Swann, K., and Lai, F. A.},
  journal={Physiological reviews},
  volume={96},
  number={1},
  pages={127--149},
  year={2016},
  publisher={American Physiological Society Bethesda, MD}
}

@article{swedish,
author = {Kowalewski, J. M., and Uhl{\'{e}}n, P., and Kitano, H., and Brismar, H.},
journal = {Mathematical Biosciences},
number = {2},
pages = {232--249},
title = {Modeling the impact of store-operated {C}a2+ entry on intracellular {C}a2+ oscillations},
volume = {204},
year = {2006}
}

%T

@article{taylorandexton1987,
author = {Taylor, S. J., and Exton, J. H.},
pages = {791--799},
title = {Guanine-nucleotide and hormone regulation of polyphosphoinositide phospholipase {C} activity of rat liver plasma membranes},
volume = {248},
journal={Biochemical Journal},
year = {1987}
}

@article{taylorrichardson,
author = {Taylor, C. W., and Richardson, A.},
number = {1},
pages = {97--137},
title = {Structure and Function of inositol triphosphate receptors},
volume = {51},
journal={Parmacology \& theraputics},
year = {1991}
}

@article{Taylor1992,
author = {Taylor, C. W., and Marshall, I. C.},
journal={Trends in biochemical sciences},
number = {10},
pages = {403--407},
title = {Calcium and inositol 1,4,5-triphosphate receptors: a complex relationship},
year = {1992}
}


@article{taylortraynor,
author = {Taylor, C. W., and Traynor, D.},
title = {Calcium and Inositol Trisphosphate Receptors},
volume = {145},
number={2},
pages={109--118},
journal={The Journal of Membrane Biology},
year = {1995}
}

@article{TaylorandLaude2002,
author = {Taylor, C. W., and Laude, A. J.},
journal = {Cell Calcium},
number = {5-6},
pages = {321--334},
title = {{IP}3 receptors and their regulation by calmodulin and cytosolic {C}a2+},
volume = {32},
year = {2002}
}

@article{Theodoridou2013,
author = {Theodoridou, M., and Nomikos, M., and Parthimos, D., and Gonzalez-Garcia, J. R., and Elgmati, K., and Calver, B. L., and Sideratou, Z., and Nounesis, G., and Swann, K. and Lai, F. A.},
journal = {Molecular Human Reproduction},
number = {12},
pages = {852--864},
title = {Chimeras of sperm {PLC}$\zeta$ reveal disparate protein domain functions in the generation of intracellular {C}a2+ oscillations in mammalian eggs at fertilization},
volume = {19},
year = {2013}
}

@article{thomas1996,
  title={Spatial and temporal aspects of cellular calcium signaling},
  author={Thomas, A. P., and Bird, G. St. J., and Hajn{\'o}czky, G., and Robb-Gaspers, L. D., and Putney, J. W.},
  journal={The FASEB Journal},
  volume={10},
  number={13},
  pages={1505--1517},
  year={1996},
  publisher={Wiley Online Library}
}

%U

@article{uhlensweden,
author={Uhl{\'e}n, P., and Laestadius, {\AA}., and Jahnukainen, T., and S{\"o}derblom, T., and B{\"a}ckhed, F., and Celsi, G., and Brismar, H., and Normark, S., and Aperia, A., and Richter-Dahlfors, A.},
journal = {Nature},
number = {6787},
pages = {694--697},
title = {$\alpha$-Haemolysin of uropathogenic E. coli induces {C}a 2+ oscillations in renal epithelial cells},
volume = {405},
year = {2000}
}

%V

@article{VanPetegem2012,
author = {Van Petegem, F.},
journal = {Journal of Biological Chemistry},
number = {38},
pages = {31624--31632},
title = {Ryanodine receptors: Structure and function},
volume = {287},
year = {2012}
}

@article{VanPetegem2015,
author = {Van Petegem, F.},
journal = {Journal of Molecular Biology},
number = {1},
pages = {31--53},
title = {Ryanodine receptors: Allosteric Ion Channel Giants},
volume = {427},
year = {2015}
}

%W

@article{wallingford2001,
  title={Calcium signaling during convergent extension in {X}enopus},
  author={Wallingford, J. B., and Ewald, A. J., and Harland, R. M., and Fraser, S. E.},
  journal={Current Biology},
  volume={11},
  number={9},
  pages={652--661},
  year={2001},
  publisher={Elsevier}
}

@article{wakai,
  title={Regulation of endoplasmic reticulum {C}a2+ oscillations in mammalian eggs},
  author={Wakai, T., and Zhang, N., and Vangheluwe, P., and Fissore, R. A.},
  journal={Journal of cell science},
  volume={126},
  number={24},
  pages={5714--5724},
  year={2013},
  publisher={The Company of Biologists Bidder Building, 140 Cowley Road, Cambridge, CB4~â€¦}
}

@article{watras1991,
  title={Inositol 1, 4, 5-trisphosphate-gated channels in cerebellum: presence of multiple conductance states},
  author={Watras, J., and Bezprozvanny, I., and Ehrlich, B. E.},
  journal={Journal of Neuroscience},
  volume={11},
  number={10},
  pages={3239--3245},
  year={1991},
  publisher={Soc Neuroscience}
}

%X

@book{xppaut,
year = {2002},
title = {Simulating, analyzing and animating dynamical systems: a guide to XPPAUT for researchers and students},
author = {Ermentrout, B.},
publisher = {SIAM},
volume={14},
address = {Philadelphia}
}

%Y

@article{YaoParker1994,
author = {Yao, Y., and Parker, I.},
journal = {The Journal of Physiology},
number = {1},
pages = {17--28},
title = {{C}a2+ influx modulation of temporal and spatial patterns of inositol trisphosphate-mediated {C}a2+ liberation in {X}enopus oocytes.},
volume = {476},
year = {1994}
}
